@article{sugama98,
author = {Sugama,H.  and Horton,W. },
title = {Nonlinear electromagnetic gyrokinetic equation for plasmas with large mean flows},
journal = {\href{https://doi.org/10.1063/1.872941}{Physics of Plasmas}},
volume = {5},
number = {7},
pages = {2560-2573},
year = {1998},
doi = {10.1063/1.872941},

URL = { 
        https://doi.org/10.1063/1.872941
    
},
eprint = { 
        https://doi.org/10.1063/1.872941
    
}
}

@incollection{vc,
title = "Chapter 7 - Vector Calculus",
editor = "Bastian E. Rapp",
booktitle = "Microfluidics: Modelling, Mechanics and Mathematics",
publisher = "Elsevier",
address = "Oxford",
pages = "137 - 188",
year = "2017",
series = "{\href{https://doi.org/10.1016/B978-1-4557-3141-1.50007-1}{Micro and Nano Technologies}}",
isbn = "978-1-4557-3141-1",
doi = "https://doi.org/10.1016/B978-1-4557-3141-1.50007-1",
url = "http://www.sciencedirect.com/science/article/pii/B9781455731411500071",
author = "Bastian E. Rapp"
}




@article{gorler,
author = {G{\"o}rler,T.  and Tronko,N.  and Hornsby,W. A.  and Bottino,A.  and Kleiber,R.  and Norscini,C.  and Grandgirard,V.  and Jenko,F.  and Sonnendr{\"u}cker,E. },
title = {Intercode comparison of gyrokinetic global electromagnetic modes},
journal = {\href{https://doi.org/10.1063/1.4954915}{Physics of Plasmas}},
volume = {23},
number = {7},
pages = {072503},
year = {2016},
doi = {10.1063/1.4954915},

URL = { 
        https://doi.org/10.1063/1.4954915
    
},
eprint = { 
        https://doi.org/10.1063/1.4954915
    
}

}